<record><leader>00000cas a22000007a 4500</leader><controlfield tag="001">17734667</controlfield><controlfield tag="008">880405d19321953lauwr ne      0    0eng d</controlfield><datafield ind1=" " ind2=" " tag="010"><subfield code="a">sn 88064283 </subfield></datafield><datafield ind1=" " ind2=" " tag="040"><subfield code="a">LNP</subfield><subfield code="b">eng</subfield><subfield code="c">LNP</subfield><subfield code="d">OCLCQ</subfield></datafield><datafield ind1=" " ind2=" " tag="042"><subfield code="a">msc</subfield></datafield><datafield ind1="0" ind2="4" tag="245"><subfield code="a">The Minden herald and the Webster news.</subfield></datafield><datafield ind1=" " ind2=" " tag="260"><subfield code="a">Minden, La. :</subfield><subfield code="b">Minden Print. &amp; Supply Co.</subfield></datafield><datafield ind1=" " ind2=" " tag="310"><subfield code="a">Weekly</subfield></datafield><datafield ind1="0" ind2=" " tag="362"><subfield code="a">Vol. 4, no. 15 (Feb. 12, 1932)-v. 26, no. 14 (Jan. 9, 1953.).</subfield></datafield><datafield ind1=" " ind2=" " tag="752"><subfield code="a">United States</subfield><subfield code="b">Louisiana</subfield><subfield code="c">Webster</subfield><subfield code="d">Minden.</subfield></datafield><datafield ind1="0" ind2="4" tag="780"><subfield code="t">Minden herald (Minden, La. : 1929)</subfield><subfield code="w">(DLC)sn 88064282</subfield></datafield><datafield ind1="0" ind2="4" tag="780"><subfield code="t">Webster news</subfield></datafield><datafield ind1="0" ind2="0" tag="785"><subfield code="t">Minden herald (Minden, La. : 1953)</subfield><subfield code="w">(DLC)sn 88064271</subfield></datafield></record>